<?xml version="1.0" encoding="UTF-8"?><record xmlns="http://www.loc.gov/MARC21/slim" xmlns:cinclude="http://apache.org/cocoon/include/1.0" xmlns:zs="http://www.loc.gov/zing/srw/">
  <leader>00610cz  a2200169n  4500</leader>
  <controlfield tag="001">n  89267430 </controlfield>
  <controlfield tag="003">DLC</controlfield>
  <controlfield tag="005">20030308063222.0</controlfield>
  <controlfield tag="008">960515n| acannaabn          |a aaa      </controlfield>
  <datafield tag="010" ind1=" " ind2=" ">
    <subfield code="a">n  89267430 </subfield>
  </datafield>
  <datafield tag="035" ind1=" " ind2=" ">
    <subfield code="a">(OCoLC)oca04099899</subfield>
  </datafield>
  <datafield tag="040" ind1=" " ind2=" ">
    <subfield code="a">DLC</subfield>
    <subfield code="b">eng</subfield>
    <subfield code="c">DLC</subfield>
    <subfield code="d">OCoLC</subfield>
    <subfield code="d">Uk</subfield>
  </datafield>
  <datafield tag="100" ind1="1" ind2=" ">
    <subfield code="a">Sudhakara Reddy, P.</subfield>
  </datafield>
  <datafield tag="400" ind1="1" ind2=" ">
    <subfield code="a">Sudhakar Reddy, P.</subfield>
  </datafield>
  <datafield tag="400" ind1="1" ind2=" ">
    <subfield code="a">Reddy, P. Sudhakara</subfield>
  </datafield>
  <datafield tag="670" ind1=" " ind2=" ">
    <subfield code="a">Displaced populations and socio-cultural change, 1995:</subfield>
    <subfield code="b">t.p. (P. Sudhakara Reddy) jkt. (Dr.; reader, Dept. of Anthropology, Sri Venkateswara U., Tirupati; Ph. D., 1981)</subfield>
  </datafield>
  <datafield tag="670" ind1=" " ind2=" ">
    <subfield code="a">Indian society, 2002:</subfield>
    <subfield code="b">t.p. (P. Sudhakar Reddy)</subfield>
  </datafield>
</record>